<record><leader>00000cas a22000007a 4500</leader><controlfield tag="001">12742009</controlfield><controlfield tag="008">851031d19571957inuwr ne      0    0eng d</controlfield><datafield ind1=" " ind2=" " tag="010"><subfield code="a">sn 85048097 </subfield></datafield><datafield ind1=" " ind2=" " tag="040"><subfield code="a">NPI</subfield><subfield code="b">eng</subfield><subfield code="c">NPI</subfield><subfield code="d">OCLCQ</subfield></datafield><datafield ind1=" " ind2=" " tag="042"><subfield code="a">msc</subfield></datafield><datafield ind1="0" ind2="4" tag="245"><subfield code="a">The Sellersburg leader.</subfield></datafield><datafield ind1=" " ind2=" " tag="260"><subfield code="a">Sellersburg, Ind. :</subfield><subfield code="b">Margaret Goodman,</subfield><subfield code="c">1957.</subfield></datafield><datafield ind1=" " ind2=" " tag="300"><subfield code="a">v. :</subfield><subfield code="b">ill.</subfield></datafield><datafield ind1=" " ind2=" " tag="310"><subfield code="a">Weekly</subfield></datafield><datafield ind1="0" ind2=" " tag="362"><subfield code="a">Vol. 1, no. 1 (May 9, 1957)-v. 1, no. 15 (Aug. 15, 1957).</subfield></datafield><datafield ind1=" " ind2=" " tag="752"><subfield code="a">United States</subfield><subfield code="b">Indiana</subfield><subfield code="c">Clark</subfield><subfield code="d">Sellersburg.</subfield></datafield><datafield ind1="0" ind2="7" tag="785"><subfield code="t">Charlestown leader</subfield><subfield code="w">(DLC)sn 85048096</subfield></datafield><datafield ind1="0" ind2="7" tag="785"><subfield code="t">Leader (Charlestown, Ind.)</subfield><subfield code="w">(DLC)sn 85048098</subfield></datafield></record>